<record><leader>00000cas a2200000 a 4500</leader><controlfield tag="001">38942641</controlfield><controlfield tag="008">980413d19251929cauwr ne      0    0eng c</controlfield><datafield ind1=" " ind2=" " tag="010"><subfield code="a">sn 98061030 </subfield></datafield><datafield ind1=" " ind2=" " tag="040"><subfield code="a">CNK</subfield><subfield code="b">eng</subfield><subfield code="c">CNK</subfield><subfield code="d">OCLCQ</subfield><subfield code="d">CNK</subfield><subfield code="d">OCLCQ</subfield><subfield code="d">OCLCF</subfield><subfield code="d">OCLCO</subfield></datafield><datafield ind1="1" ind2=" " tag="029"><subfield code="a">AU@</subfield><subfield code="b">000013908126</subfield></datafield><datafield ind1=" " ind2=" " tag="042"><subfield code="a">pcc</subfield></datafield><datafield ind1=" " ind2=" " tag="043"><subfield code="a">n-us-ca</subfield></datafield><datafield ind1="0" ind2=" " tag="130"><subfield code="a">Selma enterprise (Selma, Calif. : 1925)</subfield></datafield><datafield ind1="1" ind2="4" tag="245"><subfield code="a">The Selma enterprise.</subfield></datafield><datafield ind1=" " ind2=" " tag="260"><subfield code="a">[Selma, Calif.] :</subfield><subfield code="b">Telford Work</subfield></datafield><datafield ind1=" " ind2=" " tag="300"><subfield code="a">v.</subfield></datafield><datafield ind1=" " ind2=" " tag="310"><subfield code="a">Weekly</subfield></datafield><datafield ind1="0" ind2=" " tag="362"><subfield code="a">Vol. 40, no. 6 (Oct. 30, 1925)-v. 43, no. 21 (Jan. 31, 1929).</subfield></datafield><datafield ind1=" " ind2=" " tag="530"><subfield code="a">Master negatives are available for duplication from:</subfield><subfield code="b">California Newspaper Microfilm Archive;</subfield><subfield code="c">positive copies may be purchased by the reel; for further information consult the CNMA at:</subfield><subfield code="u">http://cbsr.ucr.edu</subfield></datafield><datafield ind1=" " ind2="0" tag="651"><subfield code="a">Selma (Calif.)</subfield><subfield code="v">Newspapers.</subfield></datafield><datafield ind1=" " ind2="7" tag="655"><subfield code="a">Newspapers.</subfield><subfield code="2">fast</subfield><subfield code="0">(OCoLC)fst01423814</subfield></datafield><datafield ind1=" " ind2="7" tag="651"><subfield code="a">California</subfield><subfield code="z">Selma.</subfield><subfield code="2">fast</subfield><subfield code="0">(OCoLC)fst01210133</subfield></datafield><datafield ind1=" " ind2=" " tag="752"><subfield code="a">United States</subfield><subfield code="b">California</subfield><subfield code="c">Fresno</subfield><subfield code="d">Selma.</subfield></datafield><datafield ind1="0" ind2="0" tag="780"><subfield code="t">Selma enterprise and the Del Rey enterprise</subfield><subfield code="w">(DLC)sn 98061029</subfield></datafield><datafield ind1="0" ind2="7" tag="785"><subfield code="t">Selma irrigator</subfield><subfield code="w">(DLC)sn 93052010</subfield></datafield><datafield ind1="0" ind2="7" tag="785"><subfield code="t">Selma irrigator and the Selma enterprise</subfield><subfield code="w">(DLC)sn 93052012</subfield></datafield></record>